<collection xmlns="http://www.loc.gov/MARC21/slim">
<record>
  <leader>00988ncm0a22002291i 450 </leader>
  <controlfield tag="001">IT\ICCU\CNCE\046905</controlfield>
  <controlfield tag="005">20140507000000.0</controlfield>
  <datafield tag="100" ind1=" " ind2=" ">
    <subfield code="a">19990205d1548        0itac0103    ba</subfield>
  </datafield>
  <datafield tag="101" ind1=" " ind2=" ">
    <subfield code="a">ITA</subfield>
  </datafield>
  <datafield tag="102" ind1=" " ind2=" ">
    <subfield code="a">IT</subfield>
  </datafield>
  <datafield tag="200" ind1="1" ind2=" ">
    <subfield code="a">Madrigali d&apos;amore a quattro voci composti da Tuttouale Menon, et nuouamente stampati et con diligentia corretti</subfield>
  </datafield>
  <datafield tag="210" ind1=" " ind2=" ">
    <subfield code="a">In Ferrara</subfield>
    <subfield code="c">nella stampa de Giouanni De Buglhat et Antonio Hucher compagni</subfield>
    <subfield code="d">1548</subfield>
  </datafield>
  <datafield tag="215" ind1=" " ind2=" ">
    <subfield code="a">4 fasc.</subfield>
    <subfield code="d">4ʻ obl</subfield>
  </datafield>
  <datafield tag="300" ind1=" " ind2=" ">
    <subfield code="a">S, A, T, B</subfield>
  </datafield>
  <datafield tag="620" ind1=" " ind2=" ">
    <subfield code="a">IT</subfield>
    <subfield code="d">Ferrara</subfield>
  </datafield>
  <datafield tag="700" ind1=" " ind2="1">
    <subfield code="a">Menon,</subfield>
    <subfield code="b">Tuttovale</subfield>
    <subfield code="3">IT\ICCU\CNCA\012210</subfield>
  </datafield>
  <datafield tag="712" ind1="0" ind2="0">
    <subfield code="a">Buglhat, Giovanni &amp; Hucher, Antonio</subfield>
    <subfield code="3">IT\ICCU\CNCT\001716</subfield>
    <subfield code="4">650</subfield>
  </datafield>
  <datafield tag="790" ind1=" " ind2="1">
    <subfield code="a">Menon,</subfield>
    <subfield code="b">Tulturale</subfield>
    <subfield code="3">IT\ICCU\CNCA\022760</subfield>
    <subfield code="z">Menon, Tuttovale</subfield>
  </datafield>
  <datafield tag="790" ind1=" " ind2="1">
    <subfield code="a">Menon,</subfield>
    <subfield code="b">Tuttualle</subfield>
    <subfield code="3">IT\ICCU\CNCA\022761</subfield>
    <subfield code="z">Menon, Tuttovale</subfield>
  </datafield>
  <datafield tag="791" ind1="0" ind2="0">
    <subfield code="a">Hucher, Antonio</subfield>
    <subfield code="3">IT\ICCU\CNCT\001717</subfield>
    <subfield code="z">Buglhat, Giovanni &amp; Hucher, Antonio</subfield>
  </datafield>
  <datafield tag="801" ind1=" " ind2="3">
    <subfield code="a">IT</subfield>
    <subfield code="b">ICCU</subfield>
    <subfield code="c">20201115</subfield>
  </datafield>
  <datafield tag="899" ind1=" " ind2=" ">
    <subfield code="a">Museo Internazionale e Biblioteca della Musica. Bologna</subfield>
    <subfield code="z">(T)</subfield>
    <subfield code="1">BO0310</subfield>
    <subfield code="2">UBO BM</subfield>
  </datafield>
</record>
</collection>
